<?xml version="1.0" encoding="UTF-8"?><record xmlns="http://www.loc.gov/MARC21/slim" xmlns:cinclude="http://apache.org/cocoon/include/1.0" xmlns:zs="http://www.loc.gov/zing/srw/">
  <leader>00396cz  a2200121n  4500</leader>
  <controlfield tag="001">n  88123240 </controlfield>
  <controlfield tag="003">DLC</controlfield>
  <controlfield tag="005">20120407074747.0</controlfield>
  <controlfield tag="008">950505n| acannaabn          |n ana      </controlfield>
  <datafield tag="010" ind1=" " ind2=" ">
    <subfield code="a">n  88123240 </subfield>
    <subfield code="z">no2012040592</subfield>
  </datafield>
  <datafield tag="040" ind1=" " ind2=" ">
    <subfield code="a">DLC</subfield>
    <subfield code="b">eng</subfield>
    <subfield code="c">DLC</subfield>
    <subfield code="d">DLC</subfield>
  </datafield>
  <datafield tag="110" ind1="1" ind2=" ">
    <subfield code="a">Manipur (India).</subfield>
    <subfield code="b">Legislative Assembly.</subfield>
    <subfield code="b">Secretariat</subfield>
  </datafield>
  <datafield tag="670" ind1=" " ind2=" ">
    <subfield code="a">The Legis news, Nov. 1987:</subfield>
    <subfield code="b">t.p. (Manipur Legislative Assembly Secretariat, Imphal)</subfield>
  </datafield>
</record>